@inproceedings{sørensen1998introduction,
  title={Introduction to supercompilation},
  author={S{\o}rensen, M.H. and Gl{\\"u}ck, R.},
  booktitle={Partial Evaluation-Practice and Theory, DIKU 1998 International Summer School},
  pages={246--270},
  year={1998},
  organization={Springer-Verlag}
}

@article{courcelle1983fundamental,
  title={Fundamental properties of infinite trees},
  author={Courcelle, B.},
  journal={Theoretical computer science},
  volume={25},
  number={2},
  pages={95--169},
  year={1983},
  publisher={Elsevier}
}

@article{mcallester1996walther,
  title={Walther recursion},
  author={McAllester, D. and Arkoudas, K.},
  journal={Automated Deduction—Cade-13},
  pages={643--657},
  year={1996},
  publisher={Springer}
}

@article{lee2001size,
  title={The size-change principle for program termination},
  author={Lee, C.S. and Jones, N.D. and Ben-Amram, A.M.},
  journal={ACM SIGPLAN Notices},
  volume={36},
  number={3},
  pages={81--92},
  year={2001},
  publisher={ACM}
}

